@article{mbezem,
    title = "Loop-checking and the uniform word problem for join-semilattices with an inflationary endomorphism",
    journal = "Theoretical Computer Science",
    year = "2022",
    issn = "0304-3975",
    doi = "https://doi.org/10.1016/j.tcs.2022.01.017",
    url = "https://www.sciencedirect.com/science/article/pii/S0304397522000317",
    author = "Marc Bezem and Thierry Coquand",
    keywords = "Join-semilattices with one inflationary endomorphism, Uniform word problem, Loop-checking, Decidability",
    abstract = "We solve in polynomial time two decision problems that occur in type checking when typings depend on universe level constraints."
}

@book{bpierce,
    title = "Software Foundations: Volume 1: Logical Foundations",
    author = "Benjamin C. Pierce",
    year = "2022",
    keywords = "Programming languages, Type theory, Coq",
    url = "https://softwarefoundations.cis.upenn.edu/current/lf-current/index.html",
    urldate = "2022-01-17"
}

@online{rkhamsi,
    title = "Mathematical proofs are getting harder to verify",
    author = "Roxanne Khamsi",
    year = "2006",
    keywords = "Mathematics, Proof verification",
    url = "https://www.newscientist.com/article/dn8743-mathematical-proofs-getting-harder-to-verify",
    urldate = "2022-01-18"
}

@online{cintro,
    title = "A short introduction to Coq",
    author = "coq.inria.fr",
    keywords = "Coq, Proof assistant",
    url = "https://coq.inria.fr/a-short-introduction-to-coq",
    urldate = "2022-01-18"
}


