@article{mbezem,
    title = "Loop-checking and the uniform word problem for join-semilattices with an inflationary endomorphism",
    journal = "Theoretical Computer Science",
    year = "2022",
    issn = "0304-3975",
    doi = "https://doi.org/10.1016/j.tcs.2022.01.017",
    url = "https://www.sciencedirect.com/science/article/pii/S0304397522000317",
    author = "Marc Bezem and Thierry Coquand",
    keywords = "Join-semilattices with one inflationary endomorphism, Uniform word problem, Loop-checking, Decidability",
    abstract = "We solve in polynomial time two decision problems that occur in type checking when typings depend on universe level constraints."
}

@book{bpiecre:sf1,
    author       =   {Benjamin C. Pierce and
                      Arthur Azevedo de Amorim and
                      Chris Casinghino and
                      Marco Gaboardi and
                      Michael Greenberg and
                      Cătălin Hriţcu and
                      Vilhelm Sjöberg and
                      Brent Yorgey},
    editor       =   {Benjamin C. Pierce},
    title        =   "Logical Foundations",
    series       =   "Software Foundations",
    volume       =   "1",
    year         =   "2022",
    publisher    =   "Electronic textbook",
    note         =   {Version 6.2, \URL{http://softwarefoundations.cis.upenn.edu}}
}

@online{rkhamsi,
    title = "Mathematical proofs are getting harder to verify",
    author = "Roxanne Khamsi",
    year = "2006",
    keywords = "Mathematics, Proof verification",
    url = "https://www.newscientist.com/article/dn8743-mathematical-proofs-getting-harder-to-verify",
    urldate = "2022-01-18"
}

@online{cintro,
    title = "A short introduction to Coq",
    author = "The Coq Team",
    keywords = "Coq, Proof assistant",
    url = "https://coq.inria.fr/a-short-introduction-to-coq",
    urldate = "2022-01-18"
}


